<?xml version="1.0" encoding="UTF-8"?><collection xmlns="http://www.loc.gov/MARC21/slim"><record><leader>00423nam--2200145-i-4500</leader><controlfield tag="001">000029960</controlfield><controlfield tag="002">20161230</controlfield><controlfield tag="005">20161230201038</controlfield><controlfield tag="008">060222s1000------------r-----000-0-eng-d</controlfield><datafield ind1=" " ind2=" " tag="080"><subfield code="a">517.927</subfield></datafield><datafield ind1=" " ind2=" " tag="100"><subfield code="a">Kutner, Alois Und Sandig, Anna-margarete</subfield></datafield><datafield ind1=" " ind2=" " tag="245"><subfield code="a">Some applications of weighted sobolev spaces</subfield></datafield><datafield ind1=" " ind2=" " tag="260"><subfield code="a">Leipzig, Teubner Verlagsgesellschaft, 1987. 268p</subfield></datafield><datafield ind1=" " ind2=" " tag="490"><subfield code="a">Teubner-texte Zur Mathematik</subfield></datafield><datafield ind1=" " ind2=" " tag="852"><subfield code="a">70329</subfield></datafield></record></collection>